
%What is opinion mining, a bunch of applications
@inproceedings{BERT1,
  title={BERT: Pre-training of Deep Bidirectional Transformers for Language Understanding},
  author={J. Devlin and Ming-Wei Chang and Kenton Lee and Kristina Toutanova},
  booktitle={NAACL-HLT},
  year={2019}
}

@article{smprediction,
title = "Sentiment analysis on social media for stock movement prediction",
journal = "Expert Systems with Applications",
volume = "42",
number = "24",
pages = "9603 - 9611",
year = "2015",
issn = "0957-4174",
doi = "https://doi.org/10.1016/j.eswa.2015.07.052",
url = "http://www.sciencedirect.com/science/article/pii/S0957417415005126",
author = "Thien Hai Nguyen and Kiyoaki Shirai and Julien Velcin",
}

@article{campaignprediction,
author = {Andrea Ceron and Luigi Curini and Stefano M. Iacus},
title ={Using Sentiment Analysis to Monitor Electoral Campaigns: Method Matters—Evidence From the United States and Italy},
journal = {Social Science Computer Review},
volume = {33},
number = {1},
pages = {3-20},
year = {2015},
doi = {10.1177/0894439314521983},
URL = {https://doi.org/10.1177/0894439314521983},
eprint = {https://doi.org/10.1177/0894439314521983}
}

@inproceedings{sentimentanalbook,
  title={Sentiment Analysis and Opinion Mining},
  author={B. Liu},
  booktitle={Synthesis Lectures on Human Language Technologies},
  year={2012}
}

@inproceedings{SAlevels,
  title={Study of Different Levels for Sentiment Analysis},
  author={Seema Kolkur and Gayatri Dantal and Reena Mahe},
  year={2015}
}

@INPROCEEDINGS{7724305,
  author={R. K. {Bakshi} and N. {Kaur} and R. {Kaur} and G. {Kaur}},
  booktitle={2016 3rd International Conference on Computing for Sustainable Global Development (INDIACom)}, 
  title={Opinion mining and sentiment analysis}, 
  year={2016},
  volume={},
  number={},
  pages={452-455},
  doi={}} 
4

  
@inproceedings{pangetal,
    title = "Thumbs up? Sentiment Classification using Machine Learning Techniques",
    author = "Pang, Bo  and
      Lee, Lillian  and
      Vaithyanathan, Shivakumar",
    booktitle = "Proceedings of the 2002 Conference on Empirical Methods in Natural Language Processing ({EMNLP} 2002)",
    month = jul,
    year = "2002",
    publisher = "Association for Computational Linguistics",
    url = "https://www.aclweb.org/anthology/W02-1011",
    doi = "10.3115/1118693.1118704",
    pages = "79--86",
}

@article{turneysemorientation,
author = {Turney, Peter and Littman, Michael},
year = {2003},
month = {01},
pages = {},
title = {Unsupervised Learning of Semantic Orientation from a Hundred-Billion-Word Corpus}
}

@article{bibliometricssentimentanalysis,
author = {Abdalsamad Keramatfar and Hossein Amirkhani},
title ={Bibliometrics of sentiment analysis literature},
journal = {Journal of Information Science},
volume = {45},
number = {1},
pages = {3-15},
year = {2019},
doi = {10.1177/0165551518761013},
}

@inproceedings{levelsofSA,
  title={Study of Different Levels for Sentiment Analysis},
  author={Seema Kolkur and Gayatri Dantal and Reena Mahe},
  year={2015}
}

@inbook{languageFeatures,
author = {Mohammad, Saif},
year = {2017},
month = {04},
pages = {61-83},
title = {Challenges in Sentiment Analysis},
isbn = {978-3-319-55392-4},
doi = {10.1007/978-3-319-55394-8_4}
}

@Inbook{stateOfTheArt,
author="Ahmet, Ahmed
and Abdullah, Tariq",
editor="Agarwal, Basant
and Nayak, Richi
and Mittal, Namita
and Patnaik, Srikanta",
title="Recent Trends and Advances in Deep Learning-Based Sentiment Analysis",
bookTitle="Deep Learning-Based Approaches for Sentiment Analysis",
year="2020",
publisher="Springer Singapore",
address="Singapore",
pages="33--56",
isbn="978-981-15-1216-2",
doi="10.1007/978-981-15-1216-2_2",
}

@article{surveyofalgs,
  title={Survey on mining subjective data on the web},
  author={Mikalai Tsytsarau and Themis Palpanas},
  journal={Data Mining and Knowledge Discovery},
  year={2011},
  volume={24},
  pages={478-514}
}

@article{beneaththeiceberg,
  title={Beneath the Tip of the Iceberg: Current Challenges and New Directions in Sentiment Analysis Research},
  author={Soujanya Poria and Devamanyu Hazarika and Navonil Majumder and R. Mihalcea},
  journal={ArXiv},
  year={2020},
  volume={abs/2005.00357}
}

@misc{frameworkold,
    author= {Prashanth Rao},
    year  = {2019},
    title = {Fine-grained Sentiment Analysis in Python},
    url = {https://towardsdatascience.com/fine-grained-sentiment-analysis-in-python-part-1-2697bb111ed4},
    note  = {Last accessed on 2020-10-29},
}

@InProceedings{challangesinSA,
author="Singhal, Sweety
and Maheshwari, Saurabh
and Meena, Monalisa",
editor="Sa, Pankaj Kumar
and Bakshi, Sambit
and Hatzilygeroudis, Ioannis K.
and Sahoo, Manmath Narayan",
title="Survey of Challenges in Sentiment Analysis",
booktitle="Recent Findings in Intelligent Computing Techniques ",
year="2018",
publisher="Springer Singapore",
address="Singapore",
pages="229--238",
}

@inproceedings{domainadaptation,
  title={Biographies, Bollywood, Boom-boxes and Blenders: Domain Adaptation for Sentiment Classification},
  author={John Blitzer and Mark Dredze and Fernando C Pereira},
  booktitle={ACL},
  year={2007}
}

@article{sentibench,
  title={SentiBench - a benchmark comparison of state-of-the-practice sentiment analysis methods},
  author={Filipe Nunes Ribeiro and Matheus Ara{\'u}jo and P. Gonçalves and Marcos Andr{\'e} Gonçalves and F. Benevenuto},
  journal={EPJ Data Science},
  year={2016},
  volume={5},
  pages={1-29}
}

@inproceedings{vader,
  title={VADER: A Parsimonious Rule-Based Model for Sentiment Analysis of Social Media Text},
  author={C. Hutto and E. Gilbert},
  booktitle={ICWSM},
  year={2014}
}

@inproceedings{SST,
  title={Recursive Deep Models for Semantic Compositionality Over a Sentiment Treebank},
  author={R. Socher and Alex Perelygin and J. Wu and Jason Chuang and Christopher D. Manning and A. Ng and Christopher Potts},
  booktitle={EMNLP},
  year={2013}
}

@InProceedings{IMDB,
  author    = {Maas, Andrew L.  and  Daly, Raymond E.  and  Pham, Peter T.  and  Huang, Dan  and  Ng, Andrew Y.  and  Potts, Christopher},
  title     = {Learning Word Vectors for Sentiment Analysis},
  booktitle = {Proceedings of the 49th Annual Meeting of the Association for Computational Linguistics: Human Language Technologies},
  month     = {June},
  year      = {2011},
  address   = {Portland, Oregon, USA},
  publisher = {Association for Computational Linguistics},
  pages     = {142--150},
  url       = {http://www.aclweb.org/anthology/P11-1015}
}

@article{paperreviews,
title={A Hybrid Approach for Sentiment Analysis Applied to Paper Reviews},
author={Keith, Brian and Fuentes, Exequiel and Meneses, Claudio},
year={2017}
}


@Online{popdsets,
 author = {},
 year = {2017},
 title = {Netherlands 'will pay the price' for blocking Turkish visit – Erdoğan },
 journal = {The Guardian},
 url = {https://www.theguardian.com/world/2017/mar/12/netherlands-will-pay-the-price-for-blocking-turkish-visit-erdogan},
 urldate = {2017-03-12}
}

@article {opinrank,
title = {Opinion-Based Entity Ranking},
journal = {Information Retrieval},
year = {2011},
keywords = {adhoc multifaceted search, entity oriented search, entity ranking, entity retrieval, product search},
doi = {10.1007/s10791-011-9174-8},
attachments = {[Web Link]},
author = {Kavita Ganesan and ChengXiang Zhai}
}

@inproceedings{lstmbertvader,
  title={Comparison of VADER and LSTM for Sentiment Analysis},
  author={R. Adarsh and Ashwin Kumar Patil and Shubham Rayar and K. M. Veena},
  year={2018}
}

@article{mlcomp,
  title={Sentiment Analysis of Yelp Reviews: A Comparison of Techniques and Models},
  author={S. Liu},
  journal={ArXiv},
  year={2020},
  volume={abs/2004.13851}
}

@article{bertml,
  title={Comparing BERT against traditional machine learning text classification},
  author={Santiago Gonz'alez-Carvajal and Eduardo C. Garrido-Merch{\'a}n},
  journal={ArXiv},
  year={2020},
  volume={abs/2005.13012}
}



@article{nltk,
  title={NLTK: The Natural Language Toolkit},
  author={Steven Bird},
  journal={ArXiv},
  year={2006},
  volume={cs.CL/0205028}
}

@article{applications,
  title={A survey on opinion mining and sentiment analysis: Tasks, approaches and applications},
  author={Kumar Ravi and V. Ravi},
  journal={Knowl. Based Syst.},
  year={2015},
  volume={89},
  pages={14-46}
}

@article{jshapedreviews,
  title={Overcoming the J-shaped distribution of product reviews},
  author={Hu, Nan and Zhang, Jie and Pavlou, Paul A},
  journal={Communications of the ACM},
  volume={52},
  number={10},
  pages={144--147},
  year={2009},
  publisher={ACM New York, NY, USA}
}

@misc{testvalsplit,
  author        = {Ng Andrew},
  title         = {Improving Deep Neural Networks: Hyperparameter tuning, Regularization and Optimization},
  year  = {2020},
  url = {https://www.coursera.org/lecture/deep-neural-network/train-dev-test-sets-cxG1s},
  note  = {Last accessed on 2020-11-21},

  publisher={Coursera}
}

@misc{bertavailable,
  author        = {Google Research},
  title         = {Bert Models},
  url = {https://storage.googleapis.com/bert_models/2018_10_18/uncased_L-12_H-768_A-12.zip},
  note  = {Accessed on 2020-11-21},
}

@inproceedings{bertAdaptation,
  title={Fine-grained sentiment classification using bert},
  author={Munikar, Manish and Shakya, Sushil and Shrestha, Aakash},
  booktitle={2019 Artificial Intelligence for Transforming Business and Society (AITB)},
  volume={1},
  pages={1--5},
  year={2019},
  organization={IEEE}
}

@article{NLTKoriginalpaper,
  title={NLTK: The Natural Language Toolkit},
  author={Steven Bird},
  journal={ArXiv},
  year={2006},
  volume={cs.CL/0205028}
}

@article{overfitting,
author = {Dietterich, Tom},
title = {Overfitting and Undercomputing in Machine Learning},
year = {1995},
issue_date = {Sept. 1995},
publisher = {Association for Computing Machinery},
address = {New York, NY, USA},
volume = {27},
number = {3},
issn = {0360-0300},
url = {https://doi.org/10.1145/212094.212114},
doi = {10.1145/212094.212114},
journal = {ACM Comput. Surv.},
month = sep,
pages = {326–327},
numpages = {2}
}


@INPROCEEDINGS{ACCURACYPARADOX,
  author={M. F. {Uddin}},
  booktitle={2019 Sixth HCT Information Technology Trends (ITT)}, 
  title={Addressing Accuracy Paradox Using Enhanched Weighted Performance Metric in Machine Learning}, 
  year={2019},
  volume={},
  number={},
  pages={319-324},
  doi={10.1109/ITT48889.2019.9075071}}
  
  @article{booksCorpus,
  author    = {Yukun Zhu and
               Ryan Kiros and
               Richard S. Zemel and
               Ruslan Salakhutdinov and
               Raquel Urtasun and
               Antonio Torralba and
               Sanja Fidler},
  title     = {Aligning Books and Movies: Towards Story-like Visual Explanations
               by Watching Movies and Reading Books},
  journal   = {CoRR},
  volume    = {abs/1506.06724},
  year      = {2015},
  url       = {http://arxiv.org/abs/1506.06724},
  archivePrefix = {arXiv},
  eprint    = {1506.06724},
}

@article{mannwhitneyU,
  title={Mann-Whitney U Test},
  author={McKnight, Patrick E and Najab, Julius},
  journal={The Corsini encyclopedia of psychology},
  pages={1--1},
  year={2010},
  publisher={Wiley Online Library}
}

@article{welchgood1,
  title={Why psychologists should by default use Welch’s t-test instead of Student’s t-test},
  author={Delacre, Marie and Lakens, Daniel and Leys, Christophe},
  journal={International Review of Social Psychology},
  volume={30},
  number={1},
  year={2017},
  publisher={Ubiquity Press}
}

@article{welchgood2,
  title={The unequal variance t-test is an underused alternative to Student's t-test and the Mann--Whitney U test},
  author={Ruxton, Graeme D},
  journal={Behavioral Ecology},
  volume={17},
  number={4},
  pages={688--690},
  year={2006},
  publisher={Oxford University Press}
}

@Online{GITBUB,
 author = {Arthur-Louis Heath},
 year = {2020},
 title = {CS4040 Mini Research Project},
 url = {https://github.com/HeathArhturLouis/MiniResearchProject},
 urldate = {2020-11-30}
}